@article{fitts1954,
  title={The information capacity of the human motor system in controlling the amplitude of movement.},
  author={Fitts, Paul M},
  journal={Journal of experimental psychology},
  volume={47},
  number={6},
  pages={381},
  year={1954},
  publisher={American Psychological Association}
}

@article{crossman1957,
  title={The speed and accuracy of simple hand movements},
  author={Crossman, ERFW},
  journal={The nature and acquisition of industrial skills},
  year={1957},
  publisher={Report to the MRC and DSIR Joint Committee on Individual Efficiency in Industry}
}

@article{welford1958,
  title={Ageing and human skill.},
  author={Welford, Alan Traviss},
  year={1958},
  publisher={Oxford Univer. Press}
}

@article{welford1960,
  title={THE MEASUREMENT OF SENSORY-MOTOR PERFORMANCE: SURVEY AND REAPPRAISAL OF TWELVE YEARS'PROGRESS},
  author={Welford, Alan Traviss},
  journal={Ergonomics},
  volume={3},
  number={3},
  pages={189--230},
  year={1960},
  publisher={Taylor \& Francis}
}

@article{welford1968,
  title={Fundamentals of skill.},
  author={Welford, Alan Traviss},
  year={1968},
  publisher={Methuen}
}

@article{drury1975,
  title={Application of Fitts' Law to foot-pedal design},
  author={Drury, Colin G},
  journal={Human Factors: The Journal of the Human Factors and Ergonomics Society},
  volume={17},
  number={4},
  pages={368--373},
  year={1975},
  publisher={SAGE Publications}
}

@article{klapp1975,
  title={Feedback versus motor programming in the control of aimed movements.},
  author={Klapp, Stuart T},
  journal={Journal of Experimental Psychology: Human Perception and Performance},
  volume={1},
  number={2},
  pages={147},
  year={1975},
  publisher={American Psychological Association}
}

@article{langolf1976,
  title={An investigation of Fitts’ law using a wide range of movement amplitudes},
  author={Langolf, Gary D and Chaffin, Don B and Foulke, James A},
  journal={Journal of Motor Behavior},
  volume={8},
  number={2},
  pages={113--128},
  year={1976},
  publisher={Taylor \& Francis}
}

@article{wallace1978,
  title={Decision and response times as a function of movement difficulty in preschool children},
  author={Wallace, Stephen A and Newell, Karl M and Wade, Michael G},
  journal={Child Development},
  pages={509--512},
  year={1978},
  publisher={JSTOR}
}

@article{card1978,
  title={Evaluation of mouse, rate-controlled isometric joystick, step keys, and text keys for text selection on a CRT},
  author={Card, Stuart K and English, William K and Burr, Betty J},
  journal={Ergonomics},
  volume={21},
  number={8},
  pages={601--613},
  year={1978},
  publisher={Taylor \& Francis}
}

@article{crossman1983,
  title={Feedback control of hand-movement and Fitts' law},
  author={Crossman, ERFW and Goodeve, PJ},
  journal={The Quarterly Journal of Experimental Psychology},
  volume={35},
  number={2},
  pages={251--278},
  year={1983},
  publisher={Taylor \& Francis}
}

@article{buck1986,
  title={Target location effects in tapping tasks},
  author={Buck, Leslie},
  journal={Acta Psychologica},
  volume={62},
  number={1},
  pages={1--13},
  year={1986},
  publisher={Elsevier}
}

@article{meyer1988,
  title={Optimality in human motor performance: ideal control of rapid aimed movements.},
  author={Meyer, David E and Abrams, Richard A and Kornblum, Sylvan and Wright, Charles E and Keith Smith, JE},
  journal={Psychological review},
  volume={95},
  number={3},
  pages={340},
  year={1988},
  publisher={American Psychological Association}
}

@article{meyer1990,
  title={Speed-accuracy tradeoffs in aimed movements: Toward a theory of rapid voluntary action.},
  author={Meyer, David E and Keith-Smith, JE and Kornblum, Sylvan and Abrams, Richard A and Wright, Charles E},
  year={1990},
  publisher={Lawrence Erlbaum Associates, Inc}
}

@article{mackenzie1992,
  title={Fitts' law as a research and design tool in human-computer interaction},
  author={MacKenzie, I Scott},
  journal={Human-computer interaction},
  volume={7},
  number={1},
  pages={91--139},
  year={1992},
  publisher={L. Erlbaum Associates Inc.}
}

@inproceedings{accot1997,
  title={Beyond Fitts' law: models for trajectory-based HCI tasks},
  author={Accot, Johnny and Zhai, Shumin},
  booktitle={Proceedings of the ACM SIGCHI Conference on Human factors in computing systems},
  pages={295--302},
  year={1997},
  organization={ACM}
}

@inproceedings{drewes2010,
  title={Only one Fitts' law formula please!},
  author={Drewes, Heiko},
  booktitle={CHI'10 Extended Abstracts on Human Factors in Computing Systems},
  pages={2813--2822},
  year={2010},
  organization={ACM}
}

@inproceedings{guiard2011,
  title={Fitt's law as an explicit time/error trade-off},
  author={Guiard, Yves and Olafsdottir, Halla B and Perrault, Simon T},
  booktitle={Proceedings of the SIGCHI Conference on Human Factors in Computing Systems},
  pages={1619--1628},
  year={2011},
  organization={ACM}
}

@inproceedings{wobbrock2011,
  title={The effects of task dimensionality, endpoint deviation, throughput calculation, and experiment design on pointing measures and models},
  author={Wobbrock, Jacob O and Shinohara, Kristen and Jansen, Alex},
  booktitle={Proceedings of the SIGCHI Conference on Human Factors in Computing Systems},
  pages={1639--1648},
  year={2011},
  organization={ACM}
}

@book{wu2011experiments,
  title={Experiments: planning, analysis, and optimization},
  author={Wu, CF Jeff and Hamada, Michael S},
  volume={552},
  year={2011},
  publisher={John Wiley \& Sons}
}

@article{goldberg2015,
  title={Two Large Open-Access Datasets for Fitts’ Law of Human Motion and a Succinct Derivation of the Square-Root Variant},
  author={Goldberg, Ken and Faridani, Siamak and Alterovitz, Ron},
  publisher={IEEE},
  year={2015}
}

@article{mallow1973,
  title={Some Comments on C P},
  author={C. L. Mallows},
  journal={Technometrics},
  volume={15},
  number={4},
  pages={661-675},
  year={1973},
  publisher={American Statistical Association}
}

@article{akaike1973,
  title={Information  theory  and  an  extension  of  the  maximum  likelihood  principle},
  author={H. Akaike},
  journal={Proceedings of the 2nd International Symposium Information Theory},
  pages={267-281},
  year={1973},
  publisher={C. B. Petrov and F. Csaki, Eds.}
}

@article{schwarz1978,
  title={Estimating the Dimensions of a Model},
  author={Gideon Schwarz},
  journal={The Annals of Statistics},
  volume={6},
  number={2},
  pages={461-464},
  year={1978},
  publisher={Institute of Mathematical Statistics}
}

@article{pearson1894,
  title={Contributions to the mathematical theory of evolution},
  author={K. Pearson},
  pages={71-110},
  year={1894},
  publisher={Royal Society of London}
}

@book{legendre1805,
  author={Adrien-Marie Legendre},
  title={Nouvelles méthodes pour la détermination des orbites des comètes},
  year={1805},
  editor={F. didot}
}

@article{hong2015,
  title={Comparison of Vertical and Horizontal Eye Movement Times in the Selection of Visual Targets by an Eye Input Device},
  author={Hong, Seung Kweon},
  journal={ESK},
  volume={34},
  number={1},
  pages={19--27},
  year={2015}
}

@inproceedings{jiang2014,
  title={Pupil dilations during target-pointing respect Fitts' Law},
  author={Jiang, Xianta and Atkins, M Stella and Tien, Geoffrey and Zheng, Bin and Bednarik, Roman},
  booktitle={Proceedings of the Symposium on Eye Tracking Research and Applications},
  pages={175--182},
  year={2014},
  organization={ACM}
}

@book{greene2014,
  title={An ACT-R Model of Elliptical Endpoint Error Distributions in a Mobile Touchscreen 2-D Fitts’ Law Task},
  author={Greene, Kristen K and Gallagher, Melissa A},
  year={2014}
}

@article{zhao2015,
  title={Exploring and modeling unimanual object manipulation on multi-touch displays},
  author={Zhao, Jian and Soukoreff, R William and Balakrishnan, Ravin},
  journal={International Journal of Human-Computer Studies},
  volume={78},
  pages={68--80},
  year={2015},
  publisher={Elsevier}
}

@article{karafillis2012,
  title={When You Shouldn't Use Fitts's Law To Measure User Experience},
  author={Karafillis, Anastasios},
  journal={uxdesign. smashingmagazine. com},
  year={2012}
}

@article{looser2005,
  title={On the validity of using First-Person Shooters for Fitts' law studies},
  author={Looser, Julian and Cockburn, Andy and Savage, Joshua},
  journal={People and Computers XIX},
  volume={2},
  pages={33--36},
  year={2005}
}

@inproceedings{epps1986,
  title={Comparison of six cursor control devices based on Fitts' law models},
  author={Epps, Brian W},
  booktitle={Proceedings of the Human Factors and Ergonomics Society Annual Meeting},
  volume={30},
  number={4},
  pages={327--331},
  year={1986},
  organization={SAGE Publications}
}